3068 5154
273 823 281 857 r
303 793 364 857 atii
384 801 490 857 autem
511 794 583 879 jam
614 793 784 855 memorati
813 791 1000 856 accuratius
1020 789 1182 853 internum
1196 787 1335 855 -sacoum'

261 907 460 985 describunt,
474 922 590 992 nempe
609 907 701 991 quod
720 905 763 968 ad
781 906 920 970 sormam
939 925 1060 968 massae
1077 905 1231 988 pertinet:
1245 900 1337 988 quod

262 1023 353 1087 nobis
369 1021 489 1089 ¹summi
510 1021 639 1087 videtur
665 1021 832 1084 momenti.
854 1066 857 1073 .
887 1014 949 1083 Ubi
982 1020 1068 1084 enim
1097 1018 1139 1082 de
1154 1018 1337 1082 lunatione

261 1137 426 1218 quaeritur
450 1133 538 1198 baud
561 1136 629 1200 leve
649 1131 743 1196 nobis
767 1133 893 1196 videtur
918 1154 1029 1196 eorum
1050 1135 1231 1218 inreritum,
1253 1149 1337 1191 mas·

259 1254 328 1321 sam
340 1248 477 1311 formam
490 1249 657 1333 quandam
672 1248 851 1331 regularem
867 1247 1009 1312 habere!
1026 1249 1164 1310 Danaa
1189 1245 1291 1309 Cura
1298 1261 1338 1324 Jn

261 1361 343 1425 dicit
373 1382 506 1426 saccum
536 1364 696 1426 internum
722 1360 880 1445 repletum
911 1380 977 1426 esse
1000 1360 1340 1445 frustulisinnumeris
1428 1412 1433 1421 .

261 1478 458 1561 rectangulis
490 1476 630 1540 seriebus
659 1473 806 1560 pluribus
833 1473 1125 1560 longitudinalibus
1157 1472 1338 1557 dispositis,

262 1591 401 1655 formam
419 1608 572 1664 arcuum,
588 1591 709 1653 tesseris
730 1589 804 1652 retis
821 1587 975 1652 adinstar
996 1589 1266 1663 aedificatorum,
1287 1605 1342 1667 ro·

264 1723 436 1767 manorum
454 1704 688 1770 simulantibus.
730 1705 875 1768 Frustula
892 1706 1014 1770 haecce
1036 1703 1200 1770 communi
1214 1701 1344 1764 tunicae
1379 1784 1382 1789 Ι

265 1816 441 1903 adbaerent
459 1817 522 1881 fitis
534 1819 745 1903 'aliquantum
769 1841 787 1882 a
806 1819 995 1883 seinvicem
1014 1817 1218 1884 distantibus.
1251 1816 1342 1889 liaeo

221 1966 224 1972 ·
263 1933 352 1998 ittae-1
379 1933 496 1996 Paucis
516 1953 650 2016 quoque
672 1933 726 1995 Eu
738 1953 910 1997 ennean
922 1954 1019 1997 arus
1042 1935 1121 1996 dicit
1139 1932 1237 1995 'sacci
1249 1985 1252 1989 .
1265 1949 1345 1995 cont·

222 2102 227 2107 .
265 2055 391 2110 tentum
422 2065 491 2107 non
516 2065 667 2116 massamq
684 2047 871 2113 caloaseam
903 2042 1346 2130 simpliciterfconlormare,

265 2159 452 2224 sed-telam
483 2178 550 2221 esse
573 2157 731 2224 fibrarum
762 2159 995 2224 calcarearum.
1050 2157 1205 2223 Omnibus
1236 2163 1349 2219 autem·

266 2272 410 2355 palmam
431 2271 613 2355 praeripuit
647 2271 895 2357 Sinaoanos
927 2260 1346 2357 descriptionemicoriibus

267 2387 437 2449 illustrans.
482 2384 521 2447 ln
543 2393 686 2467 quatuor
703 2385 872 2470 speciebus
893 2395 1095 2451 structuram·¹
1109 2397 1175 2449 tam
1195 2382 1350 2457 consimi⁴⁸

267 2500 331 2567 lem
349 2500 490 2577 invenit,
515 2508 550 2561 ut
573 2499 748 2586 descriptio
778 2500 928 2564 omnibus
953 2501 1138 2585 adaequata
1159 2503 1208 2564 sit.

747 2666 779 2758 §-
813 2666 876 2743 ro.

311 2833 442 2906 Format
467 2839 591 2905 haecce
620 2856 734 2907 messa·-
754 2843 881 2905 trabem
911 2841 1128 2907 orbicularem
1153 2844 1196 2909 ab
1227 2842 1351 2928 origine

270 2955 433 3040 usquead
453 2954 551 3017 finem
575 2953 728 3019 inflexam
747 2959 781 3020 in
800 2957 937 3021 formam
961 2959 1087 3021 litterae
1108 2958 1130 3021 S
1154 2959 1349 3044 (rt-Pane
1445 2991 1448 2996 .

269 3071 424 3154 superiori
448 3069 661 3145 crassissima,
685 3072 813 3134 tenuior
839 3074 946 3137 versus
964 3073 1129 3136 inferiora.
1159 3072 1212 3135 -In
1235 3072 1351 3134 canale

273 3183 600 3244 al1noaa1nnuo
621 3181 783 3268 descripto
809 3207 876 3249 non
900 3185 999 3250 libera
1022 3189 1081 3250 sita
1111 3198 1157 3250 est
1178 3190 1235 3253 sed
1262 3194 1353 3257 utro·¹

274 3310 342 3378 que·
355 3293 426 3359 linc
447 3294 596 3379 partibus
615 3297 789 3361 teudinosis
812 3322 887 3363 cum
910 3325 1045 3367 verruca
1065 3314 1097 3367 et
1120 3303 1240 3368 annulo
1262 3321 1351 3365 osseo
1437 3346 1440 3351 »

274 3409 463 3495 corajuucta.
518 3410 626 3473 Lateri
654 3410 767 3475 dextro
793 3414 1005 3498 ligamentum
1021 3419 1144 3496 adest,
1178 3437 1353 3504 quocum

273 3523 448 3606 ligamento
469 3524 643 3588 falcilormi
664 3525 783 3611 juncta
805 3537 861 3592 est.
916 3531 1049 3596 Dubitat
1073 3532 1149 3597 binc
1175 3555 1217 3598 an
1240 3550 1355 3601 revera

272 3639 397 3705 canatis
419 3638 542 3702 trabem
563 3640 769 3705 circumdans
792 3642 934 3722 adesset,
969 3659 1202 3731 quamtamen
1230 3663 1356 3731 semper

272 3751 457 3818 observasse
479 3749 590 3818 credo.

277 4080 284 4097 ¹
314 4081 366 4149 (a)
385 4079 429 4134 De
452 4077 581 4136 omnibus
601 4078 679 4140 hisce
695 4082 728 4140 cl.
748 4083 818 4146 tub.
833 4087 869 4142 X.
890 4085 934 4162 lig.
952 4099 1001 4161 rt,
1025 4096 1069 4160 rs,
1089 4095 1139 4164 16,
1154 4109 1204 4162 17,
1226 4098 1264 4149 18.
1297 4090 1355 4147 Nos

279 4163 316 4222 ab
327 4167 450 4225 iconibus
462 4169 560 4228 dandis
580 4172 618 4227 ob
634 4173 761 4248 impensa
784 4177 958 4249 destitimus,
980 4181 1106 4255 quamvis
1128 4181 1264 4241 confiteor
1284 4182 1356 4242 diffi-

276 4257 382 4316 cillima
399 4256 469 4317 baec
485 4279 546 4320 esse
563 4261 706 4324 intellectu
724 4267 783 4326 sine
803 4285 899 4327 eorum
917 4271 1091 4331 adnriuiculo.
1348 4262 1351 4269 ¹

1057 4367 1122 4432 03
