3068 5154
696 403 867 470 ..so-

237 590 487 683 «ganisttiond’
517 601 605 653 suam
636 589 678 654 de
710 589 773 654 hac
807 610 842 653 re
875 588 1072 675 opinionem.
1090 591 1315 657 communica·-

234 709 295 775 vits
336 706 450 774 Voluit
481 705 574 770 hicce
603 705 637 768 in
663 704 797 769 lnsectis
821 705 935 770 urinae
962 707 1173 770 secretionem
1201 707 1319 792 peragi-

234 800 366 906 orgerlis
394 820 561 884 edanum
588 820 673 894 sitis,
697 819 816 903 quibus
837 817 912 904 jure
926 818 993 881 'alii
1021 829 1170 884 auctores
1197 841 1312 885 ornnes

232 934 301 999 tere
334 936 545 1001 vesiculerum
580 934 779 1000 seminalium
810 943 959 997 naturam
991 931 1068 1017 juro
1098 934 1310 1010 adscribunt.

234 1069 354 1135 quern,
378 1051 403 1114 si
424 1070 550 1116 necesse
573 1050 692 1125 fuerit,
715 1049 842 1132 egregie
864 1046 1015 1113 refutavit
1038 1048 1310 1115 lluexnarus.

231 1138 410 1250 Praecipue
431 1185 464 1230 se
488 1164 533 1229 ad
553 1167 640 1229 hanc
662 1162 848 1247 opinionem
870 1163 1065 1247 perductum
1097 1138 1178 1226 dicit
1199 1157 1313 1227 Wri-

232 1290 440 1354 snunnus,
465 1301 566 1365 quum
586 1277 669 1343 haec
691 1298 814 1362 organa
839 1287 906 1340 tarn
926 1287 1015 1342 arete
1043 1298 1117 1343 cum
1139 1286 1312 1362 systemate

230 1394 351 1458 sexuali
372 1394 550 1480 conjuncta
575 1393 660 1466 sint,
681 1413 758 1455 nam
781 1392 1015 1475 sympatlreium
1039 1393 1123 1456 inter
1146 1385 1229 1457 haee
1253 1413 1306 1456 or.

230 1527 315 1592 gana
338 1517 371 1572 et
387 1509 579 1572 relationem
602 1505 751 1570 Germani
779 1506 888 1569 adesse
910 1514 1067 1571 statuunt.

241 1664 245 1671 -
271 1623 337 1686 Alii
367 1623 482 1687 summi
511 1621 581 1688 riri
594 1624 629 1686 in
650 1619 798 1686 rcsieulis
829 1621 874 1685 ad
904 1621 1057 1705 genitalia
1082 1620 1163 1696 sitis,
1197 1641 1308 1686 acrem

227 1735 390 1820 liquorem
421 1737 684 1813 continentibus,
713 1734 826 1799 urinae
855 1735 1067 1800 secretionem
1093 1734 1205 1800 adesse
1225 1755 1311 1799 scre-

227 1848 328 1927 dunt,
349 1852 397 1916 uti
419 1826 556 1918 Canus
579 1850 646 1936 (l),
672 1850 757 1913 Luo
776 1848 1024 1914 Dorounrus
1045 1858 1078 1913 et
1098 1849 1311 1914 Burrenrs·

229 1978 379 2045 rnnas3
404 1969 484 2031 tales
514 1967 612 2052 igitur
643 1965 702 2028 viri
723 1985 827 2049 quum
855 1967 993 2031 candem
1021 1965 1153 2031 foveant
1178 1972 1309 2027 senten·

228 2077 330 2151 tiam,
358 2078 459 2145 officii
488 2079 731 2148 credidilusius
761 2082 795 2145 in
820 2079 907 2145 hene
938 2101 1006 2145 rem
1031 2079 1189 2164 indagare
1208 2085 1240 2141 et
1261 2076 1311 2141 di·

224 2188 379 2275 judicare
406 2203 605 2280 argumente.
648 2191 840 2258 Secundum
868 2196 983 2260 classes
1012 2205 1045 2261 et
1066 2187 1195 2260 ordines
1227 2213 1310 2257 ana·

230 2307 386 2372 tomicam
402 2307 652 2393 descriptionem
671 2308 843 2393 disponere
860 2308 1019 2393 optimum
1036 2309 1138 2374 risum
1153 2315 1207 2371 est.
1224 2307 1310 2392 (2)-

283 2420 426 2487 Primum
442 2423 476 2486 in
496 2422 634 2506 Dipteris
655 2442 674 2485 a
695 2420 969 2488 Rauoounro
990 2425 1081 2509 apud
1094 2421 1311 2507 Bombylicm

226 2533 388 2621 majorem
408 2546 440 2600 ct
458 2535 675 2621 Rhegioncm
698 2535 936 2620 scolepaceum
962 2559 1039 2603 vasa
1068 2535 1165 2625 hujus
1184 2541 1311 2637 generis

229 2647 466 2713 describuntur.
500 2650 539 2714 ln
559 2650 668 2735 priore
681 2651 766 2715 enim
784 2650 852 2714 duo
868 2649 932 2736 (3)
952 2649 1070 2713 adsunt
1087 2672 1164 2716 vasa
1177 2654 1311 2736 analiap

229 2762 420 2849 uti-semper
433 2762 618 2830 Raunou
629 2785 651 2829 n
662 2786 675 2828 1
685 2786 729 2829 us
746 2785 869 2851 organa
889 2763 1011 2830 haecce
1026 2775 1220 2851 nuncupat,
1229 2766 1310 2852 jux·

227 2885 260 2943 ta
281 2887 409 2942 rectum
429 2880 511 2956 sita,
531 2879 657 2962 figurae
677 2879 796 2951 oeulis,
820 2887 1000 2942 structurae
1020 2898 1199 2963 carnosae,
1222 2882 1307 2949 albi.

228 2992 293 3068 da,
318 2989 472 3056 ductibus
496 2988 741 3055 excernentibus
759 2991 837 3055 setis
858 2991 971 3057 firmis.

279 3107 320 3172 ln
351 3106 528 3194 posteriore
560 3125 660 3169 unum
688 3125 746 3175 vas
773 3105 954 3172 detinentur
984 3106 1048 3193 (4)
1084 3108 1281 3178 vesiculosee
1295 3151 1311 3193 ,3
1404 3122 1409 3127 '

174 3249 178 3254 ’
229 3220 277 3287 uti
308 3240 349 3284 ex
372 3221 468 3284 icone
493 3219 637 3297 videtur,
661 3228 862 3298 structurae,
894 3222 1028 3288 ductum
1060 3223 1309 3308 quodammodo

230 3341 416 3400 contortum
445 3333 580 3401 habena.
623 3335 662 3399 ln
684 3336 950 3421 Hymenopteris,
985 3337 1020 3401 in
1045 3334 1119 3423 Apa
1143 3342 1307 3417 mellifica

225 3527 354 3558 ἡ·

260 3666 313 3741 (ι)
330 3668 456 3728 Zoous.
469 3670 529 3728 65r.
555 3672 664 3728 »Eser
676 3676 774 3742 mdgen
791 3669 822 3722 iu
840 3664 892 3722 den
909 3665 1014 3721 Blasen
1027 3684 1066 3720 an
1081 3667 1136 3724 dan
1149 3672 1307 3732 Gesleelrls⁴

224 3776 350 3834 ergeuen
366 3757 506 3816 melrerer
522 3761 611 3833 Kersc
628 3760 808 3816 Harnllasen
826 3755 991 3828 vorgcbildet
1007 3757 1107 3830 seyn.''

258 3849 306 3920 (s)
327 3845 361 3904 ln
373 3843 477 3921 quibus
490 3847 676 3905 describendis
690 3847 777 3904 secuti
794 3865 890 3903 sumus
907 3845 1158 3920 Rsuoouarorr,
1175 3850 1225 3929 qni
1241 3870 1307 3930 pass

223 3939 277 3995 sirn
297 3936 435 4011 quaedam
453 3935 549 3997 habet.
582 3939 676 3999 Leon
694 3939 847 4004 Duroni,
868 3935 984 3995 inAnn.
996 3938 1045 3995 des
1056 3956 1096 3998 se.
1110 3953 1167 4000 nat
1185 3942 1306 4006 ἨΜ

222 4026 373 4104 p.5suiv.
408 4020 827 4107 Bassorullarzarnne.
846 4025 881 4082 ll.
900 4030 996 4085 aas&
1195 4019 1199 4027 ⁸

258 4115 426 4188 (sperus.
445 4134 465 4174 s.
480 4123 536 4179 res.

259 4206 496 4280 ‹iruuen-

957 4285 1011 4360 '12
