3068 5154
180 4518 373 4729 N

372 4736 399 4939 'l

374 1208 416 1231 .,
543 1104 553 1227 ᾗ
645 1082 874 1231 ‹carnr
905 1072 1195 1244 carnatis,

675 1316 682 1331 ‘
746 1313 912 1386 uoninsca
936 1324 1115 1387 acernam.
1143 1365 1145 1368 >

866 1622 900 1705 §0
944 1621 999 1688 77.

383 1768 699 1883 Admodum
660 1792 793 1883 difficile
812 1819 904 1884 estin
924 1818 1028 1919 haece
1039 1839 1180 1906 quoqne
1185 1792 1371 1887 animalium
1384 1819 1470 1888 clos-

389 1915 423 2004 sc
442 1936 483 2001 dc
498 1935 626 2021 organis
645 1933 853 2025 nropoieticis
874 1955 990 2019 agere,
1014 1954 1115 2022 quum
1139 1936 1258 1999 tamin
1277 1935 1471 1999 anatomicis

380 2016 522 2145 :quam
513 2073 546 2114 m
567 2047 799 2136 physiologicis
821 2048 901 2113 miro
922 2048 1105 2135 discrepent
1128 2057 1297 2127 auctores3
1321 2068 1472 2133 organon

386 2166 478 2241 enim
493 2140 557 2230 hac
581 2163 744 2246 pertinens
762 2160 805 2225 ab
828 2163 898 2225 aliis
917 2140 1122 2259 respirationi
1142 2163 1293 2229 inservire
1311 2161 1467 2242 habetur,

389 2258 433 2342 ab
467 2277 537 2340 aliis
572 2275 741 2371 systemati
773 2275 1001 2365 uropoietieor
1035 2275 1090 2341 alii
1119 2297 1195 2345 vero
1236 2277 1394 2343 eredunt
1390 2295 1472 2371 esse

389 2376 581 2477 glandulam
601 2389 847 2475 imperfectam,
875 2391 930 2457 alii
953 2391 1000 2457 nil
1025 2391 1114 2457 aliud
1148 2390 1201 2458 hic
1231 2401 1471 2493 recognoscunt

390 2526 492 2590 quam
509 2507 612 2566 sinum
630 2524 794 2567 aenosum.
838 2501 929 2580 Quae
947 2503 1155 2569 difficultates
1172 2526 1225 2571 me
1241 2527 1343 2591 quam
1363 2509 1469 2573 maxi

391 2639 445 2684 me
466 2618 660 2703 impedirem
687 2628 718 2683 et
742 2618 808 2682 lere
830 2619 975 2705 reliquae
999 2641 1085 2706 quae
1109 2627 1366 2694 annotaveram,
1399 2620 1469 2688 dis·

392 2733 560 2798 sartationi
584 2755 651 2798 non
673 2734 895 2811 adnexissem,
919 2735 978 2798 nisi
992 2734 1065 2818 jam
1087 2736 1196 2798 titulus
1216 2734 1300 2820 typis
1320 2746 1471 2804 umatus

390 2838 452 2912 me
466 2847 602 2912 invitum
622 2857 772 2939 cogeret,
793 2868 894 2931 quare
916 2843 1054 2911 breviter
1069 2840 1178 2932 pauca
1199 2845 1310 2916 adhuc
1327 2849 1469 2918 scribere
1515 2926 1520 2933 ,

391 2961 434 3025 de
456 2962 494 3025 iis
515 2963 549 3026 in
571 2961 680 3026 animo
700 2959 865 3029 habemus.

547 3148 576 3253 r·
858 3132 992 3220 ιι

433 3303 589 3390 organon
599 3305 692 3380 illud,
707 3304 827 3390 dequo
841 3327 929 3370 nunc
939 3301 1116 3371 videndum
1132 3313 1191 3383 est,
1213 3304 1365 3374 Porrus
1383 3309 1471 3380 bene

393 3414 567 3501 describit,
590 3420 733 3509 credens
741 3421 823 3485 illud
841 3421 1008 3485 materiem
1021 3419 1204 3485 calcaream
1219 3444 1351 3507 parare,
1367 3432 1471 3492 testae

391 3534 579 3601 formationi
599 3545 631 3604 et
646 3533 872 3635 elaborationi
901 3535 1145 3611 inservientem,
1169 3535 1214 3599 ita
1241 3536 1330 3602 enim
1357 3539 1471 3625 loqui·

390 3661 452 3716 tur.
486 3680 514 3719 ιι
533 3649 681 3714 Praestat
713 3649 768 3716 hic
804 3649 916 3738 (l)
906 3671 1036 3736 insuper
1071 3649 1237 3716 declarare
1277 3651 1469 3741 hujusmodi

392 3774 561 3833 «succum
597 3765 825 3831 calcareum
814 3787 848 3829 m
877 3766 998 3830 viscere
1022 3764 1179 3851 peculiari
1208 3767 1338 3854 effingi,
1371 3769 1469 3858 cujus

390 3901 408 3945 ι
406 3879 517 3942 sedes
540 3880 730 3969 plerumque
741 3876 852 3967 paullo
872 3881 957 3944 riltra
977 3902 1035 3947 eor
1055 3881 1202 3952 musculo
1215 3882 1388 3951 adductori
1410 3905 1470 3954 su·

387 4064 516 4101 -ὶ--υ

417 4201 470 4274 (ι)
492 4202 593 4271 Ροιι,
612 4205 748 4262 Tartarea
768 4207 907 4280 utriusque
929 4207 1061 4277 Siciliae,
1087 4203 1205 4266 Parmae
1227 4226 1299 4284 ¹79¹«
1318 4203 1368 4289 [cl.
1386 4205 1422 4268 T.
1441 4208 1466 4276 1.

382 4312 410 4370 p.
432 4299 471 4348 rc.
