3068 5154
685 350 870 416 ..πα

237 530 401 611 credimus
432 538 689 603 obstructurum
714 536 913 602 consimilem
939 541 952 624 l
965 544 978 604 l
995 540 1029 625 l,
1052 551 1193 630 quaein
1221 558 1314 622 omns

235 659 491 727 vertebratorum
519 653 620 717 classe
643 651 794 719 inventae
811 652 887 718 sunt
918 656 1011 742 (2),
1035 679 1123 743 quae
1140 668 1309 737 manifeste

234 772 377 857 majores
394 775 466 830 sunt
485 767 520 832 in
538 767 606 832 vita
634 765 763 843 loetali,
793 767 837 833 ad
862 789 964 853 vam
989 771 1089 858 igitur
1117 777 1228 846 referri
1248 784 1312 852 de.

235 886 334 961 beat,
366 902 467 968 quum
486 881 615 972 penitus
638 878 703 945 lere
722 881 757 946 in
783 880 903 947 adultis
924 899 1130 959 evanescant.
1173 893 1311 966 Notissia

234 1020 321 1064 mum
342 1017 477 1084 quoque
502 994 610 1059 multis
633 994 667 1060 in
688 995 811 1079 morbis
829 999 1090 1084 antagonismum
1120 1004 1208 1075 hunc
1238 1034 1313 1079 cer.

236 1116 288 1194 ni,
319 1132 438 1199 nempe
469 1110 504 1175 in
533 1109 665 1175 homine
692 1109 788 1196 cujus
817 1111 987 1198 nosologia
1013 1115 1108 1182 nobis
1142 1119 1209 1187 lere
1238 1125 1310 1193 sola

229 1220 405 1303 notarem,
429 1221 532 1312 quum
559 1222 753 1312 pathologia
781 1222 973 1310 oomp'ara'ta
1002 1227 1068 1295 linc
1095 1251 1197 1319 usque
1223 1232 1311 1306 inter
1410 1262 1423 1288 ⁰

134 1426 137 1445 Ι
231 1337 413 1408 desiderata
424 1340 597 1427 pertineat.
618 1338 832 1431 observamus
848 1342 1310 1439 enimiaraobitide‚quando

231 1452 382 1525 duritiem
415 1476 486 1523 osea
511 1451 675 1540 perdunt,
699 1455 837 1518 multum
860 1454 1052 1541 phospbatis
1080 1461 1182 1526 calcis
1212 1467 1309 1535 urina

228 1573 374 1640 excerni.
417 1570 511 1636 Idem
534 1570 569 1635 in
591 1567 720 1634 senibus
743 1567 943 1635 observatur.
988 1570 1163 1659 Podagrici
1188 1589 1220 1644 et
1244 1602 1309 1653 ar.

231 1686 353 1751 thritici
375 1702 509 1770 quoque
532 1684 576 1748 ad
606 1683 749 1748 calculos
768 1684 994 1771 praedispositi
1017 1699 1194 1755 cernuntur
1217 1703 1249 1758 et
1271 1696 1308 1764 in

230 1801 270 1864 iis
290 1799 349 1887 qui
370 1798 500 1865 calculo
523 1797 675 1864 laborant
694 1817 791 1885 saepe
818 1798 998 1865 admodum
1014 1800 1143 1889 fragilia
1163 1827 1234 1874 ossa
1254 1810 1310 1877 in·

229 1908 400 1980 veniamur
425 1911 510 1999 (3).

279 2027 380 2093 Nobis
398 2027 497 2111 igitur
521 2025 611 2089 haud
630 2026 720 2089 omni
738 2026 807 2090 veri
836 2018 943 2112 specie
966 2018 1155 2096 destitutum
1179 2036 1310 2104 videtur

228 2136 461 2210 rudimentum?
481 2137 564 2203 renis
591 2137 627 2203 in
655 2136 748 2204 dicto
777 2160 900 2226 organo
923 2141 1105 2222 observari,
1129 2148 1180 2212 vel
1209 2171 1308 2238 orga-

230 2279 298 2321 non
319 2253 576 2339 quoddam„in
592 2272 661 2334 quo
683 2262 716 2315 et
744 2253 871 2320 iunctio
894 2258 938 2322 ad
960 2261 1184 2344 osteogeuesia
1204 2267 1310 2348 pertis

230 2360 310 2436 nens
326 2369 365 2431 et'
380 2366 472 2433 simul
489 2383 664 2428 excernens
683 2365 848 2450 quaedam
869 2368 1007 2437 obtinet.
1036 2372 1310 2445 Animadverten-

221 2485 282 2549 da·
304 2492 413 2547 tamen
444 2478 615 2566 sequentia
647 2477 702 2544 bic
740 2479 900 2575 videntur.
956 2483 1147 2571 Hypotbesis
1182 2487 1310 2557 haecce

226 2599 357 2664 minime
386 2595 481 2662 nohis
501 2572 570 2660 tam
588 2593 684 2658 firma
708 2593 854 2671 videtur,
890 2604 991 2679 atque
1016 2603 1215 2682 argumentis
1235 2615 1308 2675 tam

231 2845 237 2879 Ἰ
261 2871 311 2951 (ι)
331 2874 477 2937 Curres,
493 2832 603 2944 leq-m
620 2850 737 2928 Μαί.
756 2871 851 2941 Comp.
867 2865 905 2926 V.
922 2889 954 2945 p.
965 2874 1026 2940 alr.

231 2962 235 2977 '
263 2964 311 3039 (a)
326 2963 477 3019 Rsrzrns
499 2958 575 3013 enim
603 2957 633 3012 in
662 2957 786 3035 piscibus
806 2957 1077 3036 Glrondropterygiis
1097 2977 1308 3024 recessuocen·

225 3054 342 3114 turiatos
355 3052 452 3109 adesse
473 3049 694 3106 demonstravitr
711 3047 768 3108 vid.
787 3049 919 3107 Observa.
934 3053 1055 3106 inanat.
1073 3052 1306 3133 Choudropterya

222 3151 341 3227 giorum,
360 3136 516 3216 praecipue
536 3142 635 3216 Sqrrali
654 3150 683 3209 et
708 3141 795 3214 liniae
814 3138 1105 3228 generumNLundae
1119 3149 1194 3199 1⁸15.
1210 3165 1241 3221 p.
1261 3167 1303 3231 s9.

225 3232 271 3290 Cl.
290 3248 401 3307 quoqne
418 3230 558 3307 Raetias
582 3229 610 3284 in
630 3227 757 3305 Cyprinis
776 3239 805 3285 et
828 3227 969 3285 similibus
989 3247 1091 3286 renum
1109 3241 1203 3308 partes
1220 3252 1306 3313 supe.

212 3312 312 3380 'diores
340 3321 477 3397 majores,
510 3315 558 3374 ubi
583 3317 666 3394 plura
693 3328 759 3376 sunt
790 3334 857 3378 vasa
889 3319 1063 3394 sanguinea,
1094 3319 1173 3378 nulla
1207 3336 1303 3399 autem

224 3433 290 3474 rasa
311 3411 421 3468 urinam
442 3405 638 3480 secernenda,
655 3407 782 3485 capsulas
804 3408 914 3465 renales
935 3407 1037 3467 babet:
1056 3408 1112 3466 vid.
1129 3411 1305 3485 Brasaca,

226 3506 315 3578 Phys.
329 3503 366 3558 ΙΙ.
383 3508 444 3558 600.
470 3518 557 3574 quem
575 3499 642 3555 citat
667 3496 894 3557 Doct.Naee1.=
921 3523 936 3551 a
952 3502 1024 3559 r'r'ber
1038 3501 1084 3556 die
1107 3505 1232 3562 Structur
1251 3506 1325 3579 derg-

225 3593 437 3655 accusarem
466 3589 496 3646 in
523 3589 694 3662 bibensa’r
721 3589 828 3647 Arabia
847 3595 922 3650 1836.
949 3610 971 3646 s.
991 3593 1051 3648 aar.
1080 3609 1165 3666 quem
1190 3613 1305 3670 quoque

130 3719 134 3725 ·
227 3694 258 3743 et
286 3674 415 3757 inprimis
440 3678 476 3735 cl.
503 3690 569 3756 apte
602 3689 700 3737 contra
724 3677 954 3749 blacaanrarr,
980 3697 1061 3736 renes
1085 3681 1304 3742 succenturiatos

222 3790 288 3833 cum
308 3765 421 3845 organis
439 3768 597 3825 seaaalibus
613 3768 760 3824 cohaerere
781 3778 968 3837 statuentem,
993 3770 1193 3845 disputantem.
1263 3772 1268 3803 ³

259 3866 316 3939 (3]
345 3859 453 3916 Notum
489 3875 601 3933 quoque
628 3868 693 3934 post
724 3855 878 3928 fracturas,
907 3857 975 3914 dum
1006 3878 1059 3936 per
1087 3858 1197 3936 longius
1233 3872 1306 3937 teru-

224 3955 299 4030 poris
322 3953 443 4028 spatium
467 3947 539 4004 lecto
557 3947 729 4004 decumbunt
745 3959 938 4023 aegrotantes,
956 3969 1160 4024 nonnunquam
1182 3949 1303 4008 calculos

226 4041 292 4100 oriri
308 4043 423 4111 urinae,
442 4036 678 4117 quod-'explicant
695 4037 773 4117 quod
788 4038 872 4119 bacae
895 4049 968 4095 statu
986 4039 1066 4096 facila
1083 4041 1165 4095 urina
1182 4039 1211 4094 in
1226 4040 1303 4096 reni.

224 4129 278 4211 bus
301 4142 420 4208 stagnat.
441 4127 564 4207 lionae
588 4125 687 4184 ntelius
715 4127 833 4211 lastadio
850 4146 884 4185 ex
901 4125 1068 4200 aequilibrio
1087 4126 1219 4203 turbato,
1234 4131 1304 4201 dum

225 4233 328 4281 natura
344 4222 373 4277 ia
394 4218 463 4278 callo
483 4217 630 4283 [minando
648 4217 728 4303 lacilc
747 4217 865 4278 nimium
881 4221 1023 4276 secernit?

922 4397 926 4406 Ι
945 4321 969 4386 4
