3068 5154
563 1076 757 1164 onnon
786 1077 1057 1193 naman.

384 1294 448 1348 QUO
470 1295 511 1337 DE
534 1297 779 1340 ARNULATORUM
800 1297 978 1341 smannens
1001 1299 1244 1364 UROPOOE'HCQ'

590 1409 675 1465 QUOD
698 1410 809 1466 ESSET,
833 1410 1044 1460 DISPU'I'ATUR·

748 1708 780 1789 ς.
827 1705 878 1772 17.

313 1821 364 1938 In
381 1874 550 1940 Annulatis
572 1874 637 1942 huc
659 1896 761 1962 usque
784 1899 907 1964 organa
933 1881 1060 1945 urinam
1081 1882 1304 1961 secernenlia,
1327 1883 1358 1948 si

271 2004 359 2077 qnae
370 1992 452 2068 sint,
474 2013 604 2077 prorsus
624 1993 738 2078 ignota
757 2014 823 2058 esse
837 1994 1008 2060 eredimus.
1032 1994 1133 2061 Nemo
1150 1997 1234 2075 fere,
1259 1997 1355 2082 quod

271 2108 363 2182 seio,
397 2107 439 2170 de
476 2107 564 2172 bisce
600 2109 730 2192 organis
770 2113 805 2174 in
842 2110 945 2178 hacce
984 2112 1085 2177 classe
1115 2113 1260 2196 loquitur
1291 2112 1354 2176 nisi

272 2218 566 2291 Tauvsaanus,
591 2222 647 2305 qui
659 2222 704 2282 ita
716 2221 845 2284 scribit:
869 2252 888 2291 «
905 2245 939 2287 es
954 2225 1086 2287 kbaaen
1108 2223 1175 2310 (1)
1196 2223 1355 2288 baimeb-

272 2354 382 2402 «rem
414 2332 666 2419 Ringwiirmern
695 2334 800 2399 durch
840 2336 894 2401 die
927 2360 968 2401 zu
998 2338 1117 2403 beiden
1156 2337 1263 2402 Seiaen
1294 2337 1354 2400 des

271 2448 449 2533 «Korpers
472 2449 579 2513 neben
607 2451 682 2513 dem
716 2448 984 2537 Nabrungsoanal
1017 2449 1187 2534 liegenden
1214 2447 1352 2515 blindan

268 2561 438 2632 «Gerasus
459 2562 513 2628 die
534 2563 632 2628 Stelle
652 2565 710 2628 der
732 2564 850 2630 Nioren
870 2572 984 2628 ersetzt
1004 2559 1173 2628 werdeu.‘'

311 2678 419 2758 Quam
438 2700 505 2743 rem
523 2679 664 2743 examini
683 2676 935 2744 submitt'endam
956 2677 1145 2762 religionem
1173 2671 1251 2738 mihi
1277 2694 1353 2741 ore-

267 2792 358 2871 didi,
382 2812 484 2877 quum
503 2797 595 2853 tanta
615 2790 678 2850 sint
702 2789 817 2848 summi
841 2789 898 2849 viri
923 2789 964 2849 de
985 2788 1188 2872 physiologia
1212 2791 1350 2868 merita,

266 2917 303 2971 ut
320 2906 392 2992 ejus
407 2905 638 2968 sententiarum
660 2901 819 2965 rationem
835 2921 901 2965 esse
917 2900 1127 2979 habendam,
1151 2903 1347 2990 unicuique.

265 3022 301 3085 ui
333 3020 451 3095 fallor,
485 3004 770 3105 pateat.·OEate0r
798 3028 908 3082 tamen
935 3039 988 3081 me
1024 3015 1165 3101 primum
1193 3019 1272 3083 mire
1303 3018 1344 3081 ds

265 3111 383 3201 boruin
414 3133 585 3200 verborum
617 3133 784 3196 intellectu
812 3129 995 3206 dubitasse,
1020 3130 1067 3195 ita
1087 3142 1123 3195 ut
1146 3135 1249 3219 primo
1271 3147 1341 3192 ere·

266 3250 347 3314 dens
376 3270 430 3312 eas
461 3247 603 3312 intestini
633 3247 833 3330 appendices
865 3269 884 3310 a
915 3245 1164 3312 Tasvmmo
1196 3249 1249 3312 bio
1276 3262 1345 3309 me·

264 3374 407 3428 moratas
437 3383 524 3440 esse,
563 3380 644 3447 quas
674 3361 862 3446 praesertim
895 3361 928 3424 in
964 3359 1152 3447 Aphrodite
1184 3357 1347 3419 aeeclealoe

265 3480 493 3554 observamus,
516 3487 645 3563 postea,
669 3499 771 3562 quum
792 3478 917 3541 nullum
942 3475 1039 3562 hujus
1057 3469 1268 3557 hypotheseos
1289 3488 1346 3528 ur·

265 3605 452 3682 gementum
473 3594 627 3656 idoneum
653 3592 817 3669 vidissem,
841 3615 894 3657 me
912 3594 946 3658 in
969 3593 1064 3654 aliam
1087 3603 1224 3671 pronum
1245 3580 1346 3648 fuisse

264 3711 449 3795 opinionem
483 3710 574 3773 illum
600 3728 732 3793 nempe
751 3730 874 3795 organa
900 3708 962 3772 alia
997 3703 1057 3767 sibi
1088 3701 1241 3775 voluisse,
1277 3717 1346 3758 non

264 3834 311 3886 est
338 3824 430 3907 quod
459 3845 585 3906 negem.
630 3821 752 3906 Nempe
773 3825 807 3886 in
836 3822 934 3884 alium
959 3821 1206 3885 naamam
1228 3813 1341 3874 locum

261 3937 460 4013 incideram,
483 3935 538 3998 ubi
561 3938 729 4020 sequentia
752 3938 901 4021 leguntur
926 3936 1007 4020 (2):

260 4108 391 4127 ——u-nu

296 4211 786 4280 (1iTaevmaaus‚Erscau.
808 4203 1130 4272 cesetze‚l3.1.s.3ao.

297 4303 351 4375 (a)
376 4299 615 4372 Taavaaanos,
636 4303 691 4357 ol.
709 4321 731 4358 s.
747 4301 804 4354 243.
