3068 5154
689 397 860 462 ...ll-.-

227 605 294 651 non
314 584 383 649 nisi·
404 582 437 643 in
462 579 647 643 vertebratis
671 579 783 651 adest,
807 588 916 641 tomen
936 596 1002 639 non
1033 574 1147 638 desunt
1174 593 1297 660 organa
1322 576 1324 581 ’

224 699 260 770 lp
289 693 509 759 invertsbr'otis
535 693 796 780 quibus-majori
822 692 979 756 minorive
998 688 1073 775 jure
1107 689 1217 752 urinae
1248 709 1299 752 se·

224 811 399 899 cretionem
417 809 659 893 ¹adscribimus,
696 828 818 890 organa
842 805 970 888 qnippe
1005 802 1122 887 quibus
1151 801 1305 868 humores·

226 931 414 1007 purgantur.
460 924 499 1007 Et
517 944 626 986 revera
651 918 781 1007 jamin
804 921 950 997 Piscibus
974 929 1039 981 tem
1059 916 1238 1001 perfectum
1258 918 1299 980 il-

225 1036 280 1099 lud
304 1045 440 1120 systema
464 1039 621 1099 cernimus
646 1023 799 1119 (lljut'
813 1034 864 1098 rel
884 1032 947 1096 hac
973 1043 1051 1097 nota
1073 1010 1198 1117 organa
1213 1032 1298 1094 simi·

223 1152 318 1216 lio-in
339 1149 567 1219 lnvsltebratis
581 1151 708 1213 «adesse
717 1148 969 1234 jure'statucres
991 1147 1078 1230 (2la
1122 1147 1169 1210 Ne
1190 1151 1299 1210 temen

128 1242 134 1249 ’
220 1266 294 1349 quis
326 1264 440 1332 credat
471 1260 706 1348 omnes-liujus
733 1261 910 1348 systematis
935 1261 1134 1325 evolutiones
1164 1269 1301 1324 catenae

223 1378 266 1442 ad
289 1378 602 1462 instarp'sromncs
622 1375 977 1442 classesobssrrandas
998 1397 1083 1450 emo,
1107 1375 1153 1438 ita
1176 1383 1212 1435 ut
1233 1393 1305 1457 quo·

224 1493 431 1580 perfectiora·
447 1492 598 1559 animalia
615 1503 644 1555 's
666 1491 760 1555 nobis
785 1490 1018 1564 observentur,
1041 1492 1088 1552 sie
1117 1489 1213 1551 etiam
1234 1495 1305 1552 sta«

223 1617 313 1679 tuere
335 1620 442 1690 posses
457 1627 503 1671 'so
534 1606 638 1690 magis
667 1605 884 1690 compositum
913 1625 984 1671 esse
1013 1625 1127 1670 eorum
1162 1610 1305 1688 systema·

225 1719 472 1802 eropoieticum·
519 1719 595 1785 ‘Huc
623 1721 710 1785 enim
738 1719 868 1783 minime
890 1719 936 1784 its
965 1731 1032 1783 sese
1064 1717 1174 1781 habet.
1218 1716 1306 1782 Nam·

224 1832 267 1906 δὴ
288 1833 578 1920 imperfectissimis-
598 1834 646 1903 ad·
664 1834 857 1920 perfectiora
883 1833 1152 1919 transgredientes
1176 1830 1212 1894 in
1229 1831 1301 1916 ple·

222 1949 330 2030 risque
352 1947 533 2021 Crusteceis
552 1971 620 2015 non
636 1949 755 2041 ⁴adesse
776 1947 1038 2035 observabimus,
1064 1968 1167 2031 quum
1189 1947 1224 2009 in
1249 1946 1308 2028 ins

224 2063 320 2124 sectis
346 2061 425 2123 vasis
455 2063 681 2146 Malpigbianis
708 2062 821 2138 urinae
842 2064 1053 2127 secretionem
1073 2059 1186 2145 peragi
1214 2057 1303 2125 omni

224 2177 292 2249 lere
313 2174 416 2247 dubio
439 2184 546 2243 vacat.
745 2172 748 2177 ’

575 2310 630 2339 ”
707 2300 737 2432 ς.
778 2298 853 2465 es

1301 2428 1309 2457 l

230 2554 257 2579 .;
275 2517 461 2601 Postquam.
483 2516 817 2586 lirrrrronocws
847 2517 1074 2583 inlusoriorum
1104 2529 1308 2587 structuram

226 2651 315 2707 ron,
336 2634 384 2693 utl
412 2632 516 2714 prisce
552 2631 613 2697 titt
640 2632 822 2707 sententia,-
855 2633 1123 2716 simplicissimam
1144 2636 1202 2696 sed
1227 2637 1309 2698 setis·

224 2745 439 2828 compositam
471 2765 537 2809 esse
571 2744 744 2829 probavit,
777 2744 881 2829 iisque
895 2745 1008 2830 ¹‚igitur
1037 2746 1186 2810 infimum
1218 2748 1302 2814 inter

223 2859 461 2944 imperfectiora
497 2861 607 2924 locum
641 2860 772 2925 minime
798 2869 1017 2945 competere,
1052 2859 1128 2945 jure
1163 2872 1308 2929 statuere

225 2991 392 3057 possumus
406 2969 438 3033 -si
458 2992 479 3039 e
496 2972 656 3036 confertis
678 2970 915 3057 similibusque,
941 2976 987 3037 uti
1010 2983 1083 3038 sunt
1103 2975 1324 3062 Spermato-“

226 3106 298 3161 soa.
313 3086 444 3168 aliaque
466 3085 640 3162 discedas,
660 3085 802 3172 polypos
829 3087 946 3159 infimo
972 3090 1006 3152 in
1032 3090 1220 3154 animalium
1250 3113 1307 3177 sy-¹

226 3207 361 3266 stemate
380 3200 456 3261 lo'co
473 3219 541 3265 esse
560 3202 736 3283 ponendos.
783 3201 822 3266 In
843 3201 960 3286 quibus
982 3224 1084 3288 quum
1107 3204 1309 3290 simplicissis'

227 3331 285 3375 mo.
300 3321 348 3376 est
367 3332 482 3380 eorum
497 3310 776 3392 fabrica„nullius
798 3318 1127 3403 secretionis-organa
1148 3319 1306 3411 distincte·

227 3426 658 3501 observamue33-.yesosimile
687 3439 733 3492 est
761 3431 858 3514 igitur
883 3441 1047 3496 externam
1078 3435 1222 3519 corporis
1246 3453 1307 3501 sni

227 3542 393 3626 perficiem
415 3543 635 3608 excretionum
655 3564 787 3608 munere
808 3545 917 3631 fungi,
944 3549 990 3610 ita
1014 3556 1048 3609 ut
1071 3549 1106 3612 in
1133 3549 1310 3619 iisomues.

228 3657 412 3744 functiones
436 3659 563 3726 interna
584 3667 616 3723 et
639 3667 772 3728 externa
790 3661 959 3763 superficie
980 3673 1194 3755 peragantur,
1223 3666 1303 3730 Sae-

261 3987 312 4057 (1)
331 3984 453 4043 Piscibus
467 3983 541 4041 enim
553 3987 609 4060 jam
624 3997 689 4041 snnt
706 4006 801 4057 renes,
822 3989 866 4046 vel
884 3991 905 4046 si
927 3990 1014 4048 mavis
1031 3990 1061 4045 in
1083 3991 1178 4048 multis
1201 3992 1310 4052 unicur'

228 4087 279 4130 ren
295 4072 388 4145 adest,
413 4075 522 4132 adsunt·
535 4085 677 4143 ureteres,
705 4081 793 4135 vesica
812 4089 840 4132 et
859 4078 981 4139 ereans.

241 4169 272 4234 ti(
282 4168 314 4238 r)
330 4167 473 4234 Wusar
483 4187 535 4234 nn,
554 4167 737 4244 Darstellurrg
745 4172 970 4243 dergesammtcn
984 4172 1307 4245 organisation,Giessl

231 4272 258 4312 u.
272 4253 390 4318 Darmst.
412 4261 484 4332 1809.
501 4257 601 4317 uult.
619 4276 641 4317 s.
657 4262 718 4318 263.
1276 4251 1279 4279 ³

1019 4381 1067 4447 2*
