3068 5154
509 1124 727 1266 naas
783 1056 1206 1255 sannaus.

646 1366 821 1423 antttatta
845 1365 1080 1424 ARTKCULATA·

333 1539 366 1609 s..
431 1552 434 1557 .

368 1616 565 1752 Postquam
588 1668 634 1733 sio
654 1665 854 1731 radiatorum
882 1669 1017 1738 classem
1040 1669 1235 1742 absolvimus
1254 1673 1300 1743 ad
1321 1664 1420 1745 auia

327 1764 513 1853 eulalorum'
531 1790 647 1869 typum
674 1781 897 1866 pervenimus,
921 1785 1035 1854 seriem
1060 1791 1247 1856 animalium
1274 1803 1414 1858 natura·

327 1901 390 1962 lem
416 1897 655 1974 continentem,
690 1894 814 1982 qnippe
839 1918 906 1982 qua
934 1899 1118 1980 annulata,
1151 1902 1302 1984 insecta,
1325 1907 1414 1972 Ara-s

328 2015 450 2080 nridea
478 2020 510 2078 et
543 2014 717 2113 Crustaaea
746 2014 975 2092 eontinentur,
1009 2037 1097 2103 quae
1129 2022 1271 2115 omnia,
1293 2040 1412 2107 qrram

327 2129 374 2192 iia
405 2130 513 2193 mullis
544 2128 627 2192 inter
655 2149 689 2191 sa
726 2127 853 2198 diversa
881 2139 976 2205 sunt,
1011 2132 1115 2199 forma
1146 2145 1255 2201 tamen
1286 2156 1413 2201 consae

327 2243 442 2320 niunt3
472 2261 573 2327 quare
598 2260 723 2326 semper
740 2262 807 2305 uno
830 2250 909 2327 typo
929 2246 1090 2331 complexi
1109 2256 1181 2313 sunt
1198 2269 1239 2313 ea
1258 2247 1415 2336 Zoologia

327 2356 454 2421 lam-in
473 2355 689 2442 praemonitis
703 2356 745 2420 de
762 2358 977 2445 systematiats
1003 2360 1160 2441 vidimus,
1194 2358 1296 2449 quare
1323 2363 1410 2430 haee

324 2493 412 2537 nunc
428 2473 554 2534 mittere
571 2491 750 2555 possumus,
925 2492 932 2509 ·
1151 2508 1153 2513 »
1276 2494 1280 2505 “
1399 2495 1407 2534 r

370 2583 552 2651 Junundior
569 2583 663 2649 nobis
682 2585 851 2651 elaboratu
869 2587 929 2652 raia
941 2587 1064 2657 haecne
1077 2589 1302 2654 dissertationis
1315 2609 1402 2676 pars,

326 2701 444 2788 inqua
469 2719 586 2785 nempe
613 2699 744 2762 demum
765 2702 839 2764 luee
870 2704 988 2767 clarius
1012 2704 1188 2788 systematis
1215 2705 1412 2791 uropoietiei

326 2813 565 2905 praesentiam
564 2808 738 2876 defendere
765 2831 943 2929 possumus.
996 2813 1062 2878 Sed
1085 2813 1189 2880 hacce
1210 2837 1345 2903 quoq-ne
1374 2821 1412 2891 in

303 2928 421 3018 'parte
449 2926 627 2993 sententiae
650 2924 837 3015 quaedam,
861 2912 910 2992 nti
935 2927 1031 2992 nobis
1057 2910 1230 3012 videntur,
1253 2953 1413 3002 erroneae

327 3041 571 3132 oppugnandae
591 3051 683 3117 sunt,
707 3062 815 3126 neque
841 3041 976 3106 deerunt
997 3042 1202 3138 hypotheses
1217 3047 1262 3113 de
1291 3021 1409 3136 quibud

327 3160 452 3224 mentio
476 3157 642 3224 iacienda.
688 3156 780 3238 Quae
797 3154 891 3226 nobis
913 3156 985 3246 jam
1009 3159 1118 3261 statim
1136 3163 1293 3232 annulata
1312 3180 1400 3255 speo-

327 3273 469 3338 lanlibus
490 3279 659 3356 apparent.

372 3385 444 3451 Non
471 3385 583 3449 inutile
604 3383 698 3450 nobis
717 3383 818 3450 visum
842 3394 907 3459 est,
930 3395 966 3447 ut
991 3387 1105 3452 melius
1126 3388 1234 3452 omnia
1251 3387 1407 3471 dispona-

329 3522 418 3579 mus,
434 3510 610 3585 antequam
623 3501 665 3563 ad
678 3503 746 3586 ipsa
764 3504 920 3566 annulata
941 3522 1128 3590 pergamus,
1148 3499 1278 3564 schema
1296 3500 1407 3584 (lunda

329 3618 407 3683 dam
431 3613 526 3702 hujus
546 3615 896 3706 dissertationispartio
918 3621 1135 3704 praemittere.

375 3734 489 3818 Caput
515 3733 676 3817 paninum.
723 3731 899 3797 annulata.
951 3734 990 3813 In
1025 3731 1142 3817 quibus
1171 3730 1331 3816 principio
1362 3729 1410 3792 de-

331 3845 583 3929 Taavtannr
607 3847 763 3935 pontentia
783 3847 928 3930 quadam
948 3845 1001 3910 hic
1024 3846 1202 3930 pertinente
1219 3842 1277 3905 erit
1292 3840 1407 3905 uiden·

330 3958 431 4036 dum,
455 3966 487 4022 et
502 3957 576 4020 dein
600 3958 704 4022 obiter
726 3959 913 4044 attingenda
935 3961 1001 4024 duo
1022 3955 1214 4044 corpuscula
1237 3974 1410 4028 arenosam

327 4095 466 4137 massam
489 4074 700 4138 continentia.

373 4190 487 4272 Caput
509 4189 705 4253 seeundum.
746 4188 888 4261 dnsenltt.

375 4304 487 4370 Sentio
503 4306 632 4390 primu.
676 4304 835 4373 Vesorum
856 4300 1147 4390 Malpigltianorum
1170 4312 1332 4374 anatome.
