3068 5154
789 417 959 480 5202

344 610 375 674 el
396 608 442 671 sie
460 602 650 670 in'aliarum
672 599 885 667 vesiculamm
906 602 1081 688 podicellos
1103 604 1319 692 vesi'culasqtro
1336 605 1417 670 inde

341 725 376 786 in
397 723 544 786 canalem
567 719 758 785 circularem
779 721 955 784 mer'curins
975 719 1147 801 pervenit‚·
1161 720 1299 785 in'alios
1319 726 1419 806 porro

342 836 544 922 pedunculos
564 845 596 898 et
615 835 745 900 vesicas.
762 856 766 867 “
791 834 899 912 Quare
920 835 1000 898 lraec
1020 833 1128 897 omnia
1151 833 1417 899 cohaerere'ere,

340 950 435 1014 didit.

696 1060 708 1085 .

811 1123 842 1203 l·
890 1120 940 1198 ¹2-

385 1294 479 1356 Nunc
504 1292 546 1354 ad
570 1301 740 1356 auctorum
770 1292 960 1376 opinionum
984 1290 1026 1353 de
1050 1289 1114 1355 hoe
1135 1313 1262 1377 organo
1284 1312 1419 1358 examen

338 1407 552 1494 pervenimus.
616 1428 620 1435 ·

396 1523 442 1585 Ex
478 1521 615 1604 antiqua
636 1536 763 1606 ‘nempe
799 1523 973 1585 multorum
1014 1520 1170 1584 sententia
1201 1521 1256 1584 ani
1291 1522 1417 1586 functio

341 1635 448 1699 hocce
472 1635 644 1698 tuberculo
665 1614 842 1721 peragiturt
868 1637 996 1701 lllelius
1016 1644 1125 1701 autem
1148 1646 1324 1720 postquam
1346 1635 1417 1701 laio«.

339 1769 379 1813 oe
404 1746 527 1813 canalis
547 1759 579 1814 et
600 1772 721 1835 organa
745 1749 797 1814 lrio
819 1752 1013 1834 pertinentia
1042 1752 1176 1835 cognita
1209 1763 1301 1826 suat,
1326 1751 1416 1814 haud

339 1862 438 1927 facile
466 1865 554 1948 ·quis
583 1864 646 1926 illis
683 1865 846 1929 calculum
888 1864 1032 1951 adjiciet.
1089 1865 1183 1926 Nulla
1224 1865 1415 1929 enimcum

341 1977 422 2055 tubo
445 1978 942 2045 intestinorum'communicatio
963 1978 1053 2042 adest
1081 1984 1188 2060 neque
1210 1979 1310 2041 ullum
1337 2000 1415 2062 por,

339 2114 378 2181 ro
410 2094 512 2157 exstat
542 2097 724 2179 exemplum
753 2096 788 2160 in
820 2096 889 2159 aliis
918 2093 1110 2158 animalibus
1139 2092 1211 2155 talis
1240 2095 1293 2156 ani
1335 2107 1417 2158 oon·⁴

338 2205 561 2280 formationis,
597 2216 796 2290 quapropter
821 2208 993 2269 commodo
1018 2207 1107 2268 liano
1127 2208 1317 2289 sententiam
1341 2212 1415 2275 nitu

338 2327 407 2385 lere
428 2340 606 2406 possumus.

372 2435 488 2531 Recte
511 2445 619 2496 atatem
641 2455 738 2496 anum
762 2434 796 2495 in
819 2432 908 2495 hisco
936 2431 1128 2493 animalibus
1150 2432 1324 2497 desiderari
1348 2446 1414 2511 sta,

338 2556 440 2612 luunt·
470 2549 528 2613 viri
564 2549 671 2623 docti,
707 2545 829 2630 quippe
857 2547 914 2630 qui
949 2547 1335 2610 unicamtantumtubi
1360 2548 1413 2631 in.

335 2665 524 2728 testinorum
550 2672 732 2748 aperturam
758 2663 966 2728 observarunt
988 2659 1075 2745 (qu

380 2777 534 2861 Organon
562 2786 706 2838 nostrum
730 2777 775 2838 ad
793 2784 927 2859 systema
950 2771 1165 2856 generationis
1182 2775 1345 2859 pertinere
1365 2788 1412 2842 est

338 2893 475 2957 aliorum
495 2890 674 2967 sententia‚'
692 2891 726 2953 in
746 2887 957 2973 quammulti
980 2896 1053 2949 sunt
1071 2886 1175 2971 proni.
1211 2889 1334 2952 Primus
1347 2890 1413 2959 'hio

336 3007 371 3070 in
388 3010 536 3069 ¹censum
570 3005 655 3068 venit
690 3005 836 3068 medicus
868 3000 1004 3086 quidam
1033 3001 1255 3081 Bononiensis,
1290 3004 1415 3089 Sarx,·

337 3121 394 3206 qui
417 3118 498 3183 illud
529 3122 609 3183 cum
632 3121 786 3184 limacum
811 3138 894 3204 pene
925 3117 1127 3199 compararit
1148 3115 1215 3201 (2)
1250 3118 1344 3204 cujus
1364 3132 1414 3185 ta.¹

336 3255 409 3300 men
436 3238 611 3299 auctoritas
641 3234 705 3297 hac
723 3235 774 3296 'in
799 3238 839 3295 re'
858 3230 938 3294 nihil
966 3230 1032 3292 fere
1062 3231 1170 3302 valet,
1204 3235 1326 3318 quippe
1352 3238 1414 3320 qni·

337 3348 517 3413 admodum
547 3349 748 3434 negligenter
777 3347 949 3411 sectionem
976 3344 1087 3408 fecisse
1120 3344 1278 3413 side.tur.'
1301 3347 1414 3412 Canas

335 3465 375 3528 lis
400 3475 506 3528 autern
527 3486 594 3529 non
618 3463 702 3526 loras
729 3462 831 3526 tendit
854 3462 910 3524 sed
934 3461 976 3523 ad
998 3461 1153 3522 annulum
1180 3482 1324 3535 osseum,
1349 3483 1410 3527 ne·

337 3600 401 3667 que
428 3581 493 3643 ulla
522 3580 589 3643 fore
621 3576 716 3664 hujus
742 3576 995 3663 comparationis
1023 3594 1135 3641 caussa
1167 3577 1284 3640 subest.
1328 3575 1410 3645 Earn

333 3781 461 3804 Μ

368 3914 420 3986 (ι)
449 3909 494 3964 Cf.
517 3908 694 3963 Docaortr
711 3929 747 3976 na
768 3909 986 3976 Batrlnrraaa,
1010 3911 1130 3965 Manae!
1147 3908 1350 3979 d'Aclt'nologle
1372 3926 1409 3985 ⁰¹}

330 4003 368 4061 de
390 4003 629 4075 Zoopltytologie‚
648 3996 726 4053 Paris
744 4001 816 4061 rssli.
833 4016 862 4070 p.
875 4001 917 4067 (39.
1404 4064 1409 4069 Ι

264 4122 268 4129 ·
367 4096 421 4167 (a)
440 4094 576 4148 Memoire
584 4111 659 4164 pour
676 4093 764 4145 servir·
784 4092 803 4144 ὰ
821 4090 954 4145 l’lu'stoire
974 4089 1007 4143 de
1024 4091 1148 4144 l'astdrte
1167 4108 1271 4164 rouge,
1289 4084 1414 4159 asterius

333 4184 435 4251 rubens
459 4184 543 4239 Lina.
559 4195 615 4249 etc.
649 4182 774 4243 Annales
791 4182 828 4250 dn
849 4185 973 4236 Muscam
984 4179 1078 4254 d’lristt
1088 4189 1144 4236 nat¹
1163 4180 1196 4236 T.
1212 4178 1287 4235 tht.
1305 4183 1411 4271 l'tffi

331 4291 416 4348 quern
435 4270 503 4328 citat
518 4272 781 4336 Tranaursnus,
802 4289 823 4328 s.
837 4273 878 4327 53.
