3068 5154
678 365 845 429 ...15ae

226 573 360 627 venun‚
394 553 481 611 nuuc
510 547 554 611 ad
579 547 763 632 cylindrum
797 544 936 610 accedit.
990 545 1028 607 ln
1053 544 1193 609 rubente
1221 568 1304 614 con.

226 672 508 748 vanumapparet.
620 718 623 723 .

707 833 737 921 a.
781 825 813 900 74

245 1008 321 1072 ‘Est
349 1023 448 1093 porro
475 1006 541 1070 cuti
567 1015 657 1071 arcte
677 1008 839 1071 adnexum
863 1003 876 1089 (
888 1001 929 1088 l)
962 1015 995 1069 et
1021 1025 1154 1071 saecum
1183 1005 1302 1073 format
1392 1064 1398 1074 .

224 1124 412 1208 elongatum
437 1123 469 1184 in
490 1122 626 1185 ductum
647 1142 724 1184 mox
752 1118 1000 1185 describendum
1021 1118 1220 1185 desinentem
1246 1108 1304 1204 qui

223 1239 259 1301 in
294 1236 448 1299 annulum
487 1255 611 1300 ommim
644 1255 680 1299 os
710 1233 969 1298 circumdantem
1004 1233 1118 1301 tendit.
1174 1232 1305 1299 canalis

223 1350 339 1426 hieee',
353 1368 454 1412 massa
465 1349 586 1413 friabili
606 1349 739 1413 sabulae
757 1349 858 1415 instar
875 1349 1033 1432 repletus,
1047 1348 1149 1413 oritur
1160 1369 1199 1415 ex
1210 1358 1304 1433 parte

222 1466 368 1530 inferiori
394 1467 565 1550 paululum
590 1471 780 1529 excavatas*
802 1460 860 1524 Est
881 1480 1036 1546 magnus,
1058 1463 1136 1526 satis
1164 1464 1304 1549 amplus.

224 1581 346 1663 {ncipit
374 1579 446 1643 basi
471 1581 537 1643 lata
560 1587 593 1642 et
615 1576 789 1641 arctissime
815 1596 891 1639 eum
913 1575 984 1660 ipsa
1013 1597 1147 1642 verruca
1171 1579 1227 1642 vel
1252 1588 1303 1642 tu·

224 1692 361 1756 berculo
376 1691 512 1778 junctus
540 1702 587 1756 est
608 1699 640 1755 et
662 1697 846 1756 concretus.
891 1689 1024 1761 Nunca
1053 1691 1223 1762 tuberculo
1244 1693 1304 1758 de-

226 1808 326 1872 currit
350 1809 386 1872 in
400 1834 403 1839 ²
416 1808 559 1874 cavitate
588 1803 714 1869 duabus
743 1804 870 1867 laminis
892 1805 1068 1873 teudinosis
1086 1805 1249 1884 ¹formata,
1282 1829 1303 1872 a

222 1923 370 2007 corporis
392 1922 475 1986 cutis
496 1920 599 2005 partis
626 1919 797 2003 superioris
817 1917 988 2000 superficie
1014 1921 1158 1986 inferiori
1187 1945 1305 2006 prove·

222 2035 410 2113 aientibus,
442 2053 531 2117 quae
565 2033 671 2095 torma
704 2032 870 2114 ligameuti
911 2032 1100 2097 lalcilormis
1129 2035 1304 2103 decurrunt

223 2149 268 2215 ud
296 2149 472 2233 angulum.
487 2166 594 2231 quem
623 2144 691 2208 duo
717 2144 800 2209 radii
825 2143 1005 2209 efformant.
1050 2145 1179 2214 Cerialis
1204 2171 1303 2235 porro

224 2265 259 2326 in
286 2262 411 2344 magnis
439 2261 563 2325 asteriis
591 2257 744 2341 pollicem
775 2257 841 2319 fere
870 2263 985 2344 longus
1007 2263 1109 2345 magis
1135 2270 1312 2350 magisque

225 2383 427 2450 coarctatus,
463 2373 566 2437 forma
589 2372 759 2457 paulisper
794 2384 940 2458 serpente
971 2375 1014 2439 ad
1057 2379 1206 2443 canalem
1240 2381 1302 2445 civ·¹

223 2492 366 2555 cularem
387 2487 490 2554 tendit
511 2509 548 2553 os
573 2485 833 2556 circumdantem
854 2489 888 2552 in
906 2509 1013 2573 eoque
1034 2491 1118 2556 inter
1138 2494 1206 2557 duo
1226 2516 1303 2579 ccr-

224 2623 306 2688 pora
331 2589 523 2686 glandulosae
552 2599 709 2686 aperitur.
767 2599 903 2668 Videtur
928 2623 990 2686 pro
1014 2605 1180 2688 speciebus
1201 2608 1304 2674 torma

222 2717 471 2803 quodammode
501 2715 630 2780 differre
655 2716 786 2778 namin
809 2715 952 2781 ruberrte
975 2717 1163 2795 decursum,
1187 2742 1303 2806 quamq,

168 2891 171 2895 .
216 2834 273 2900 via
291 2852 415 2897 summa
445 2850 575 2914 prorsus
596 2829 711 2894 eodem
741 2826 844 2908 redit,
876 2833 989 2915 paullo
1019 2832 1114 2897 aliter-
1135 2833 1302 2900 observavi

225 2967 325 3030 quam
359 2943 668 3010 Trasumennus
702 2963 739 3006 ex
772 2949 983 3013 curandam
1004 2946 1190 3011 delineavit.
1235 2949 1302 3028 Sed

142 3094 161 3125 a·
224 3061 389 3127 difficilius
414 3058 494 3124 haec
516 3068 589 3123 sunt
618 3058 781 3143 descriplu
805 3067 837 3126 el
858 3059 926 3127 sine
947 3059 1100 3129 iconibus,
1117 3080 1212 3145 saepe
1234 3083 1301 3128 ῃοῃ

224 3174 307 3236 bene
324 3173 555 3258 intelliguntur.

713 3344 817 3430 Η·
915 3420 941 3477 4

268 3515 305 3581 ln
337 3538 434 3582 sacco
455 3519 583 3582 interno
606 3514 917 3580 Transeamus
942 3517 1063 3583 invenit
1085 3538 1223 3589 massam
1250 3539 1300 3588 aaz

224 3630 373 3696 bulosam
405 3653 504 3716 quam
535 3631 674 3694 breviter
703 3630 870 3716 descripsit
909 3652 1016 3716 neque
1045 3641 1112 3696 tam
1148 3643 1302 3723 accurate

223 3767 326 3832 quam
354 3746 446 3809 solet.
492 3745 591 3809 Massa
614 3745 700 3807 enim
729 3743 851 3810 haecce
881 3746 1059 3811 secundum
1086 3767 1160 3811 eum
1181 3755 1227 3812 est
1251 3749 1303 3813 in·

225 3861 336 3924 formis
361 3871 393 3925 et
420 3881 496 3924 curn
527 3861 653 3944 liquore
678 3859 763 3923 intus
793 3860 994 3927 observando
1022 3882 1154 3926 saccum
1188 3863 1301 3948 replet.

225 3975 364 4040 Banna
386 3977 546 4042 Carasa
569 3994 646 4039 vero
667 3974 883 4061 microseopio
906 3996 978 4040 eam
1000 3975 1034 4040 in
1056 3977 1223 4062 vestigavit
1244 3975 1303 4041 de·

229 4144 356 4165 m

263 4244 396 4324 (Ul-l·
