3068 5154
156 654 158 656 ,
225 585 576 676 aliquid'mutandum
605 582 722 661 habui,
747 595 855 650 tamen
880 605 931 647 me
957 583 1117 668 plurimas
1140 585 1308 651 instituisse

230 707 371 770 affirma.
414 703 452 764 Et
473 722 597 786 semper
616 699 683 763 fere
705 709 882 784 antequam
901 699 943 762 dc
965 700 1065 763 classe
1084 703 1228 784 quadam
1248 722 1310 768 ana

230 817 346 886 notare
365 815 480 903 coepi,
505 815 550 880 ad
572 836 645 879 earn
665 815 861 898 pertinentia
884 814 1036 877 animalia
1054 816 1162 892 secui,
1189 814 1308 885 ηιῑω.

228 953 300 998 rum
326 942 522 998 structuram
553 939 585 993 et
617 929 756 1014 partium
788 930 883 992 situm
912 948 1143 1013 cognoscerem
1175 941 1207 1019 et
1237 954 1309 998 me-

228 1051 289 1113 lius
317 1050 363 1114 sic
391 1047 554 1135 judicium
592 1064 718 1131 possem
738 1040 843 1110 ,serre
898 1038 1071 1111 verissima
1107 1045 1192 1110 euim
1221 1067 1307 1132 quae

227 1173 302 1230 sunt
325 1161 413 1246 apud
436 1171 589 1247 poetams

291 1311 447 1421 ³·Segntus
466 1331 593 1398 irritant
615 1332 740 1396 animos
763 1327 899 1394 demissa
922 1349 981 1414 per
1004 1349 1095 1393 aures
1195 1332 1198 1337 '

322 1451 464 1537 ·,„Quam
485 1469 572 1534 quae
594 1457 667 1512 sunt
689 1445 793 1511 oculis
814 1444 968 1539 submissa
990 1443 1152 1540 fidelibus.

271 1619 360 1700 Quas
383 1641 458 1696 vero
475 1621 633 1684 sectiones
649 1638 717 1684 uon
737 1637 862 1704 semper
880 1616 961 1682 mihi
988 1618 1176 1683 successisse
1204 1617 1309 1682 fateor

229 1743 329 1818 atque
360 1752 411 1797 me
437 1752 536 1796 manu
563 1734 684 1799 rudiori
707 1754 954 1817 nonnumquam
975 1734 1080 1797 minus
1109 1732 1305 1817 profecisse,

228 1869 295 1913 non
321 1847 476 1934 estquod
494 1868 620 1936 negem.
665 1847 727 1912 Ubi
754 1868 831 1912 vero
849 1847 1014 1932 judicium
1044 1868 1151 1911 meum
1181 1848 1309 1914 inveni·

226 1971 300 2042 tur,
325 1964 408 2028 ittud
441 1965 588 2028 nonnisi
612 1970 785 2048 postquam
813 1982 872 2046 per
893 1964 1030 2025 multum
1053 1964 1206 2046 temporis
1233 1985 1310 2046 spa-

226 2080 308 2142 tium
327 2094 457 2141 meeum
477 2077 707 2159 reputavissem
731 2097 751 2138 a
769 2092 822 2136 me
846 2074 948 2136 latum
968 2094 1032 2136 esse
1055 2076 1136 2138 sciat
1159 2077 1274 2144 lector.

268 2191 309 2254 Et
334 2190 414 2275 quid
433 2208 522 2256 nune
548 2191 589 2255 de
614 2188 724 2253 tibetto
748 2186 869 2261 dicam.
916 2187 1056 2251 Primum
1083 2190 1173 2274 quod
1196 2193 1220 2256 si
1241 2193 1304 2257 ad·

224 2303 291 2368 huc
328 2303 406 2366 mihi
437 2302 610 2366 scribenda
641 2313 721 2364 esset
753 2303 932 2364 dissertatio
964 2321 1031 2364 non
1064 2313 1174 2368 tantae
1210 2310 1304 2372 molis
1346 2365 1348 2367 ,

224 2428 450 2506 argumentum
477 2413 556 2479 mihi
581 2415 774 2498 sumsissem.
836 2411 919 2480 Nam
951 2418 1098 2500 quamvis
1128 2420 1303 2503 plurimum

224 2533 369 2598 laborem
404 2553 463 2617 per
492 2531 619 2617 longius
651 2540 776 2616 tempus
811 2550 913 2614 quam
943 2530 1042 2615 vulgo
1084 2532 1301 2602 dissertationi

222 2646 425 2711 concedatur
444 2647 480 2709 in
496 2652 690 2729 argumento
710 2637 915 2734 elaborando
935 2643 1090 2717 adhibui,
1112 2655 1222 2709 tamen
1242 2671 1303 2712 ne·

223 2782 279 2826 mo
302 2781 354 2826 me
376 2761 490 2826 melius
509 2759 665 2845 perspicit
697 2769 796 2843 quam
825 2760 928 2822 multa
950 2758 1027 2824 taric
1061 2763 1220 2846 opusculo
1239 2749 1300 2827 de·

222 2878 296 2942 sint.
353 2873 451 2955 Quod
479 2875 572 2939 aliter
607 2872 674 2938 iere
706 2894 773 2938 uon
811 2874 946 2959 potuit,
984 2896 1063 2941 nam
1089 2858 1299 2961 primosslo'eo

222 2986 325 3053 habet
353 2987 434 3053 illud
466 2987 631 3055 vinculum
665 3005 732 3072 quo
761 2988 853 3055 insiti
884 3009 981 3074 saepe
1018 2989 1064 3054 ad
1100 2988 1301 3072 dissertatioe

224 3124 299 3172 uem
327 3102 599 3184 conscribendam
635 3103 783 3188 cogimur
811 3104 950 3168 multum
992 3122 1061 3188 quo
1089 3105 1190 3170 etiam
1221 3107 1302 3170 ditis·

225 3218 410 3301 gentissimo
429 3218 572 3283 taedium
593 3218 701 3303 pariet
713 3239 734 3283 ε-
754 3218 830 3283 dein
857 3225 1080 3304 argumentum
1099 3239 1211 3285 ¹meum
1229 3241 1300 3295 nen

225 3340 339 3418 aptum
357 3330 457 3398 credo
479 3331 575 3415 quod·
591 3350 717 3417 paucos
737 3333 823 3397 intra
841 3354 964 3398 menses
984 3332 1183 3403 absolvatur.
1210 3334 1303 3418 80<ss

223 3456 260 3511 ut
280 3456 409 3517 caetera
428 3446 576 3523 mittam,
599 3447 702 3517 muita
726 3466 860 3533 quoque
883 3468 949 3514 esse
973 3467 1059 3534 quae
1079 3448 1123 3529 ed
1144 3471 1201 3528 me
1217 3471 1302 3536 pera]v

225 3559 327 3625 tinent
353 3561 429 3625 vitia
458 3561 565 3625 nultus
591 3559 717 3626 dubito.
775 3560 840 3626 Sed
875 3563 958 3627 ultra
990 3584 1083 3649 posse
1117 3585 1213 3629 nemo
1241 3584 1301 3631 co-

224 3675 312 3762 gitur
339 3682 371 3738 et
395 3674 466 3760 jam
496 3674 608 3739 divum
638 3675 728 3738 illum
750 3673 978 3742 Soeaarsrr
1009 3681 1045 3747 τὸ
1076 3680 1137 3745 κὰδ
1168 3681 1298 3759 δύναμιν

225 3790 316 3873 ἕρδειν
347 3787 469 3874 ubique
499 3789 679 3874 discipulis·
695 3791 956 3870 commendarem
986 3812 1056 3876 quo
1085 3811 1209 3879 semper
1230 3792 1298 3860 de·

223 3904 362 3971 lactatus
378 3915 443 3983 est,
465 3906 554 3991 apud
580 3901 728 3969 Xeror
741 3926 762 3972 a
774 3926 914 3973 carru
936 3906 1089 3974 videmus.

234 4068 239 4077 .
265 4017 309 4085 Et
330 4040 417 4090 uuae
438 4041 537 4109 parre
561 4018 643 4086 liber
664 4017 736 4087 ibis.

741 4167 799 4301 q
850 4206 862 4228 .
