3068 5154
683 384 854 453 ..w-

266 572 405 646 Videtur
425 566 530 658 'igitur
556 567 692 636 Dir'nn'n
715 569 869 653 CrrnJ'r
891 567 1102 636 eblumnodo'
1126 566 1299 655 inspexisse

221 685 367 759 mam
387 694 552 755 externum
580 706 680 770 quum
701 684 833 750 scribite
863 703 994 756 «come
1019 706 1053 750 ee
1073 695 1299 771 rappresentar

223 833 243 874 a
261 803 416 869 coleoeero
437 800 520 864 tanti
540 800 631 864 archi
654 799 687 865 di
711 800 850 865 mattoni
872 820 891 862 a
914 799 1026 884 foggin
1047 796 1224 865 reticulata
1244 821 1298 871 ro,

224 946 244 987 «
261 915 376 982 mana”
402 934 548 1001 quocum
578 913 652 978 satis
677 913 760 978 bene
785 935 850 979 arna
872 935 891 979 e
913 914 1128 982 Saraount
1148 914 1301 981 iconibus

225 1029 375 1100 convenit
397 1027 478 1117 (l).

584 1260 587 1265 .
702 1200 735 1286 ς.
781 1198 834 1264 ιι.

262 1373 397 1461 Organa
414 1370 523 1450 vicina
542 1371 739 1458 quibuscum
754 1370 905 1458 jungitur
923 1382 995 1438 sunt
1013 1372 1192 1459 sequentia.
1223 1372 1304 1459 Pron

222 1504 266 1575 pe
282 1490 439 1555 annulum
461 1498 579 1574 nempe
600 1508 725 1552 osseum
746 1505 782 1549 us
805 1486 1063 1551 circumdantem
1083 1506 1218 1573 quoque
1241 1485 1302 1549 ad·

222 1609 298 1668 runt
320 1604 483 1669 vesiculae
502 1602 775 1686 quaedam,‘tres
799 1602 851 1667 rel
874 1611 1017 1687 quatuor
1038 1603 1140 1666 lineae
1161 1602 1299 1685 longae,

223 1715 393 1783 materiem
420 1716 644 1803 pellucidam·⁹
677 1716 849 1802 limpidam
881 1717 1096 1784 continentes.
1155 1715 1304 1796 Quarum

223 1830 413 1918 pedunculi·
427 1829 500 1900 cari
529 1831 565 1903 in
598 1840 750 1896 buticum
781 1829 1046 1917 conjunguntur,
1075 1831 1110 1897 in
1145 1833 1305 1897 annulum

223 1967 349 2012 osseum
375 1947 490 2032 aperti.
534 1945 573 2013 Iu
592 1947 676 2011 risis
702 1944 874 2010 irritabiles
895 1956 969 2010 sunt
994 1949 1196 2030 stimulisque
1225 1958 1306 2009 con·-

224 2059 401 2125 trabuntur
426 2068 460 2124 et
485 2057 648 2142 liquorem
670 2068 862 2124 contentum
892 2059 1081 2144 projiciunt.
1133 2057 1195 2124 Ubi
1217 2078 1306 2122 nunc

223 2172 319 2265 hicce
335 2173 538 2258 pedunculus
554 2172 589 2238 in
601 2174 757 2238 annulum
777 2194 901 2239 osseum
917 2174 1060 2258 aperitur
1080 2173 1148 2238 duo
1170 2192 1306 2258 quoque

225 2286 346 2350 adsimt
370 2286 563 2370 corpuscula
585 2285 731 2362 brunea,
754 2288 918 2372 superiora
945 2308 1052 2350 versus
1079 2309 1197 2372 parum
1220 2299 1308 2357 cumr

225 2405 353 2487 messa,
386 2399 480 2464 unius
509 2397 568 2462 rel'
588 2409 622 2464 ct
645 2399 740 2464 unius
762 2400 890 2464 dimidii
922 2401 1027 2465 lineae
1059 2401 1210 2466 diametri
1234 2409 1309 2467 sunt

226 2513 728 2582 concavas..Tunrrrnnnus
748 2536 788 2580 en
814 2517 978 2580 mercurio
997 2515 1153 2600 implevit.
1199 2514 1307 2596 Quum

226 2648 316 2693 nunc
333 2628 481 2711 quinque
504 2637 577 2691 sunt
597 2627 794 2711 pedunculi,
815 2628 961 2713 quinque
983 2649 1118 2712 quoque
1137 2630 1308 2713 glandula·

225 2758 298 2807 rum
324 2741 418 2827 peria
439 2741 650 2807 observantur
670 2742 795 2827 singula
822 2741 858 2808 in
881 2744 1040 2808 annulum
1067 2743 1192 2808 dictum
1215 2763 1308 2829 aper·

224 2863 261 2922 ta
285 2851 374 2942 (Ἧι
395 2853 519 2920 haecce
543 2878 632 2922 nunc
650 2856 761 2925 omnia
783 2855 924 2924 invicem
944 2867 976 2922 et
997 2879 1074 2923 cum
1092 2859 1193 2923 ramis
1213 2862 1307 2925 vaso·

225 2991 301 3037 rum
321 2967 365 3033 ad
385 2968 495 3034 radios
522 2968 729 3035 tendentibus
746 2991 925 3059 eorumque
949 2973 1048 3037 ramis
1066 2973 1253 3040 lateralibus
1272 2980 1307 3041 et

224 3083 358 3153 ramniu
378 3082 555 3151 oobeerere
574 3093 607 3148 et
633 3106 708 3150 cum
728 3085 875 3152 vesiculis
897 3087 944 3152 ite
965 3087 1128 3172 probarit.
1172 3088 1308 3174 Aperuit

227 3216 361 3262 uname
376 3197 524 3271 reticulis
540 3198 653 3285 ibique
668 3199 808 3286 cylindri
825 3201 920 3269 vitrei
938 3202 1103 3269 mercurio
1119 3201 1243 3288 impleti
1255 3212 1307 3269 tu·

227 3309 340 3383 bulum
358 3309 498 3400 imponit
512 3333 606 3382 nunc
632 3334 693 3400 por
710 3313 912 3401 pedicellum
928 3317 963 3385 in
986 3327 1139 3384 truncum
1163 3318 1307 3385 decurrit

229 3508 359 3534 m

262 3644 586 3720 (rllhaarCausr
604 3640 736 3699 ileliae
757 3644 853 3709 Bosc.
872 3653 901 3698 et
918 3663 957 3705 nn
973 3644 1132 3702 brunnen
1151 3650 1308 3715 Hiseltat.

224 3735 276 3796 dee
296 3737 444 3793 Ardmoux
456 3753 522 3790 sarrs
541 3733 694 3807 verteme,
717 3755 747 3809 p.
761 3738 819 3811 559.
836 3731 902 3804 Vol.
916 3733 952 3790 ΙΙ.
979 3759 993 3787 e
1005 3736 1140 3810 Quelques
1155 3750 1308 3811 personne&

227 3837 278 3885 orrt
298 3826 434 3903 pretendit
457 3843 509 3897 que
531 3825 626 3880 c'e'toit
647 3824 770 3884 Panae*
809 3826 907 3881 Postea
930 3822 1018 3898 ipsius
1038 3824 1074 3880 de
1100 3827 1309 3892 Lnnnnonrr

227 3917 322 3994 operis
338 3912 500 3973 conserendi
520 3919 624 3969 occasio
640 3914 740 3972 adluit.
773 3913 863 3980 uvido
881 3933 944 3976 eam
961 3915 1067 3990 arripui
1084 3916 1135 3972 sed
1151 3920 1229 3976 nulla
1248 3921 1307 3977 sere

230 4016 374 4081 momento
392 4006 475 4082 digna
492 4003 596 4061 inveni.

264 4096 318 4170 (n)
333 4096 371 4153 D.
386 4095 419 4152 C.
437 4093 486 4172 qui
503 4095 726 4150 ainornm
752 4111 824 4171 opus
843 4092 936 4166 primo
956 4102 1085 4168 ternpore
1104 4114 1163 4150 non
1179 4100 1308 4172 cognovit

230 4183 330 4241 eadem
352 4203 457 4261 organa
473 4182 523 4242 sed
540 4183 702 4262 irnperlecte
720 4179 857 4242 describit
876 4200 976 4263 neque.
990 4182 1102 4276 injectio
1118 4185 1172 4264 ipsi
1183 4188 1313 4252 succedit

226 4273 265 4351 (l.
278 4273 302 4334 l.
317 4294 345 4352 p.
358 4277 435 4346 δοῦ.)

424 4395 428 4402 .
1027 4369 1080 4432 gs
